@book{bishop1995neural,
  title={Neural networks for pattern recognition},
  author={Bishop, Christopher M and others},
  year={1995},
  publisher={Oxford university press}
}

@article{decoste2002training,
  title={Training invariant support vector machines},
  author={DeCoste, Dennis and Sch{\"o}lkopf, Bernhard},
  journal={Machine learning},
  volume={46},
  number={1},
  pages={161--190},
  year={2002},
  publisher={Springer}
}

@article{lecun1998gradient,
  title={Gradient-based learning applied to document recognition},
  author={LeCun, Yann and Bottou, L{\'e}on and Bengio, Yoshua and Haffner, Patrick},
  journal={Proceedings of the IEEE},
  volume={86},
  number={11},
  pages={2278--2324},
  year={1998},
  publisher={Ieee}
}

@article{lecun-mnisthandwrittendigit-2010,
  added-at = {2010-06-28T21:16:30.000+0200},
  author = {LeCun, Yann and Cortes, Corinna},
  biburl = {https://www.bibsonomy.org/bibtex/2935bad99fa1f65e03c25b315aa3c1032/mhwombat},
  groups = {public},
  howpublished = {http://yann.lecun.com/exdb/mnist/},
  interhash = {21b9d0558bd66279df9452562df6e6f3},
  intrahash = {935bad99fa1f65e03c25b315aa3c1032},
  keywords = {MSc _checked character_recognition mnist network neural},
  lastchecked = {2016-01-14 14:24:11},
  timestamp = {2016-07-12T19:25:30.000+0200},
  title = {{MNIST} handwritten digit database},
  url = {http://yann.lecun.com/exdb/mnist/},
  username = {mhwombat},
  year = 2010
}

@article{bellicoso2018advances,
  title={Advances in real-world applications for legged robots},
  author={Bellicoso, C Dario and Bjelonic, Marko and Wellhausen, Lorenz and Holtmann, Kai and G{\"u}nther, Fabian and Tranzatto, Marco and Fankhauser, Peter and Hutter, Marco},
  journal={Journal of Field Robotics},
  volume={35},
  number={8},
  pages={1311--1326},
  year={2018},
  publisher={Wiley Online Library}
}

@article{kim2019highly,
	title={Highly Dynamic Quadruped Locomotion via Whole-Body Impulse Control and Model Predictive Control},
	author={Kim, Donghyun and Di Carlo, Jared and Katz, Benjamin and Bledt, Gerardo and Kim, Sangbae},
	journal={arXiv preprint arXiv:1909.06586},
	year={2019}
}


@article{tsounis2020deepgait,
  title={Deepgait: Planning and control of quadrupedal gaits using deep reinforcement learning},
  author={Tsounis, Vassilios and Alge, Mitja and Lee, Joonho and Farshidian, Farbod and Hutter, Marco},
  journal={IEEE Robotics and Automation Letters},
  volume={5},
  number={2},
  pages={3699--3706},
  year={2020},
  publisher={IEEE}
}

@inproceedings{bledt2019implementing,
  title={Implementing regularized predictive control for simultaneous real-time footstep and ground reaction force optimization},
  author={Bledt, Gerardo and Kim, Sangbae},
  booktitle={2019 IEEE/RSJ International Conference on Intelligent Robots and Systems (IROS)},
  pages={6316--6323},
  year={2019},
  organization={IEEE}
}

@inproceedings{bellicoso2019alma,
	title={Alma-articulated locomotion and manipulation for a torque-controllable robot},
	author={Bellicoso, C Dario and Kr{\"a}mer, Koen and St{\"a}uble, Markus and Sako, Dhionis and Jenelten, Fabian and Bjelonic, Marko and Hutter, Marco},
	booktitle={2019 International Conference on Robotics and Automation (ICRA)},
	pages={8477--8483},
	year={2019},
	organization={IEEE}
}


@inproceedings{pongas2007robust,
  title={A robust quadruped walking gait for traversing rough terrain},
  author={Pongas, Dimitris and Mistry, Michael and Schaal, Stefan},
  booktitle={Proceedings 2007 IEEE International Conference on Robotics and Automation},
  pages={1474--1479},
  year={2007},
  organization={IEEE}
}


@article{focchi2017high,
  title={High-slope terrain locomotion for torque-controlled quadruped robots},
  author={Focchi, Michele and Del Prete, Andrea and Havoutis, Ioannis and Featherstone, Roy and Caldwell, Darwin G and Semini, Claudio},
  journal={Autonomous Robots},
  volume={41},
  number={1},
  pages={259--272},
  year={2017},
  publisher={Springer}
}

@article{fahmi2020stance,
  title={Stance: Locomotion adaptation over soft terrain},
  author={Fahmi, Shamel and Focchi, Michele and Radulescu, Andreea and Fink, Geoff and Barasuol, Victor and Semini, Claudio},
  journal={IEEE Transactions on Robotics},
  volume={36},
  number={2},
  pages={443--457},
  year={2020},
  publisher={IEEE}
}

@inproceedings{bellicoso2016perception,
  title={Perception-less terrain adaptation through whole body control and hierarchical optimization},
  author={Bellicoso, C Dario and Gehring, Christian and Hwangbo, Jemin and Fankhauser, P{\'e}ter and Hutter, Marco},
  booktitle={2016 IEEE-RAS 16th International Conference on Humanoid Robots (Humanoids)},
  pages={558--564},
  year={2016},
  organization={IEEE}
}


@inproceedings{fankhauser2013reinforcement,
  title={Reinforcement learning of single legged locomotion},
  author={Fankhauser, P{\'e}ter and Hutter, Marco and Gehring, Christian and Bloesch, Michael and Hoepflinger, Mark A and Siegwart, Roland},
  booktitle={2013 IEEE/RSJ International Conference on Intelligent Robots and Systems},
  pages={188--193},
  year={2013},
  organization={IEEE}
}

@article{hwangbo2019learning,
  title={Learning agile and dynamic motor skills for legged robots},
  author={Hwangbo, Jemin and Lee, Joonho and Dosovitskiy, Alexey and Bellicoso, Dario and Tsounis, Vassilios and Koltun, Vladlen and Hutter, Marco},
  journal={Science Robotics},
  volume={4},
  number={26},
  year={2019},
  publisher={Science Robotics}
}

@inproceedings{kolter2008control,
  title={A control architecture for quadruped locomotion over rough terrain},
  author={Kolter, J Zico and Rodgers, Mike P and Ng, Andrew Y},
  booktitle={2008 IEEE International Conference on Robotics and Automation},
  pages={811--818},
  year={2008},
  organization={IEEE}
}

@inproceedings{fankhauser2018robust,
  title={Robust rough-terrain locomotion with a quadrupedal robot},
  author={Fankhauser, P{\'e}ter and Bjelonic, Marko and Bellicoso, C Dario and Miki, Takahiro and Hutter, Marco},
  booktitle={2018 IEEE International Conference on Robotics and Automation (ICRA)},
  pages={1--8},
  year={2018},
  organization={IEEE}
}

@article{jenelten2020perceptive,
  title={Perceptive Locomotion in Rough Terrain--Online Foothold Optimization},
  author={Jenelten, Fabian and Miki, Takahiro and Vijayan, Aravind E and Bjelonic, Marko and Hutter, Marco},
  journal={IEEE Robotics and Automation Letters},
  volume={5},
  number={4},
  pages={5370--5376},
  year={2020},
  publisher={IEEE}
}

@MISC{coumans2019,
author =   {Erwin Coumans and Yunfei Bai},
title =    {PyBullet, a Python module for physics simulation for games, robotics and machine learning},
howpublished = {\url{http://pybullet.org}},
year = {2016--2019}
}

@MISC{laikago2020,
author =   {Unitree},
title =    {Laikago},
howpublished = {\url{https://github.com/unitreerobotics
}},
year = {2017--2020}
}

@article{carius2020mpc,
  title={MPC-Net: A First Principles Guided Policy Search},
  author={Carius, Jan and Farshidian, Farbod and Hutter, Marco},
  journal={IEEE Robotics and Automation Letters},
  volume={5},
  number={2},
  pages={2897--2904},
  year={2020},
  publisher={IEEE}
}

@article{belter2016rgb,
  title={RGB--D terrain perception and dense mapping for legged robots},
  author={Belter, Dominik and {\L}abecki, Przemys{\l}aw and Fankhauser, Peter and Siegwart, Roland},
  journal={International Journal of Applied Mathematics and Computer Science},
  volume={26},
  number={1},
  pages={81--97},
  year={2016},
  publisher={Sciendo}
}

@article{buchanan2020perceptive,
  title={Perceptive whole-body planning for multilegged robots in confined spaces},
  author={Buchanan, Russell and Wellhausen, Lorenz and Bjelonic, Marko and Bandyopadhyay, Tirthankar and Kottege, Navinda and Hutter, Marco},
  journal={Journal of Field Robotics},
  year={2020},
  publisher={Wiley Online Library}
}

@article{ma2016real,
  title={Real-time pose estimation of a dynamic quadruped in GPS-denied environments for 24-hour operation},
  author={Ma, Jeremy and Bajracharya, Max and Susca, Sara and Matthies, Larry and Malchano, Matt},
  journal={The International Journal of Robotics Research},
  volume={35},
  number={6},
  pages={631--653},
  year={2016},
  publisher={SAGE Publications Sage UK: London, England}
}

@article{yang2019state,
  title={State estimation for legged robots using contact-centric leg odometry},
  author={Yang, Shuo and Kumar, Hans and Gu, Zhaoyuan and Zhang, Xiangyuan and Travers, Matthew and Choset, Howie},
  journal={arXiv preprint arXiv:1911.05176},
  year={2019}
}

@article{camurri2020pronto,
  title={Pronto: a Multi-Sensor State Estimator for Legged Robots in Real World Scenarios},
  author={Camurri, Marco and Ramezani, Milad and Nobili, Simona and Fallon, Maurice},
  journal={Frontiers in Robotics and AI},
  volume={7},
  pages={68},
  year={2020},
  publisher={Frontiers}
}

%%%%%%%%


@inproceedings{falanga2018pampc,
  title={PAMPC: Perception-aware model predictive control for quadrotors},
  author={Falanga, Davide and Foehn, Philipp and Lu, Peng and Scaramuzza, Davide},
  booktitle={2018 IEEE/RSJ International Conference on Intelligent Robots and Systems (IROS)},
  pages={1--8},
  year={2018},
  organization={IEEE}
}


@article{schulman2017proximal,
  title={Proximal policy optimization algorithms},
  author={Schulman, John and Wolski, Filip and Dhariwal, Prafulla and Radford, Alec and Klimov, Oleg},
  journal={arXiv preprint arXiv:1707.06347},
  year={2017}
}


@article{jorgensen2019finding,
	title={Finding Locomanipulation Plans Quickly in the Locomotion Constrained Manifold},
	author={Jorgensen, Steven Jens and Vedantam, Mihir and Gupta, Ryan and Cappel, Henry and Sentis, Luis},
	journal={arXiv preprint arXiv:1909.08804},
	year={2019}
}